<?xml version="1.0" encoding="UTF-8"?>
<collection xmlns="http://www.loc.gov/MARC21/slim">
  <record>
    <leader>00826cam a2200265 a 4500</leader>
    <controlfield tag="001">103</controlfield>
    <controlfield tag="005">20141021232353.0</controlfield>
    <controlfield tag="008">851126s1901    nhu           000 0 eng d</controlfield>
    <datafield tag="035" ind1=" " ind2=" ">
      <subfield code="a">(CStRLIN)NYCX85B133321</subfield>
    </datafield>
    <datafield tag="035" ind1=" " ind2=" ">
      <subfield code="a">(NIC)notisAAA0101</subfield>
    </datafield>
    <datafield tag="035" ind1=" " ind2=" ">
      <subfield code="a">(OCoLC)63216803</subfield>
    </datafield>
    <datafield tag="035" ind1=" " ind2=" ">
      <subfield code="a">103</subfield>
    </datafield>
    <datafield tag="040" ind1=" " ind2=" ">
      <subfield code="a">NIC</subfield>
      <subfield code="c">NIC</subfield>
    </datafield>
    <datafield tag="043" ind1=" " ind2=" ">
      <subfield code="a">n-usn--</subfield>
    </datafield>
    <datafield tag="100" ind1="1" ind2=" ">
      <subfield code="a">Burnham, Edward J.</subfield>
    </datafield>
    <datafield tag="245" ind1="1" ind2="0">
      <subfield code="a">Bird lovers' field book /</subfield>
      <subfield code="c">compiled by Edward J. Burnham.</subfield>
    </datafield>
    <datafield tag="260" ind1=" " ind2=" ">
      <subfield code="a">Manchester, N.H. :</subfield>
      <subfield code="b">Nature Study Press,</subfield>
      <subfield code="c">1901.</subfield>
    </datafield>
    <datafield tag="300" ind1=" " ind2=" ">
      <subfield code="a">104 p. ;</subfield>
      <subfield code="c">15 cm.</subfield>
    </datafield>
    <datafield tag="650" ind1=" " ind2="0">
      <subfield code="a">Birds</subfield>
      <subfield code="z">New England.</subfield>
    </datafield>
    <datafield tag="650" ind1=" " ind2="7">
      <subfield code="a">Birds</subfield>
      <subfield code="2">fast</subfield>
      <subfield code="0">(OCoLC)fst00832970</subfield>
    </datafield>
    <datafield tag="651" ind1=" " ind2="7">
      <subfield code="a">New England</subfield>
      <subfield code="2">fast</subfield>
      <subfield code="0">(OCoLC)fst01241913</subfield>
    </datafield>
    <datafield tag="905" ind1=" " ind2=" ">
      <subfield code="a">19880603120000.0</subfield>
    </datafield>
    <datafield tag="948" ind1="1" ind2=" ">
      <subfield code="a">20010723</subfield>
      <subfield code="b">l</subfield>
      <subfield code="d">mann01</subfield>
      <subfield code="e">mann</subfield>
      <subfield code="f">?</subfield>
      <subfield code="h">?</subfield>
    </datafield>
    <datafield tag="948" ind1="2" ind2=" ">
      <subfield code="a">20141016</subfield>
      <subfield code="b">m</subfield>
      <subfield code="d">batch</subfield>
      <subfield code="e">lts</subfield>
      <subfield code="x">addfast</subfield>
    </datafield>
    <datafield tag="950" ind1=" " ind2=" ">
      <subfield code="l">ORNIT</subfield>
      <subfield code="a">QL683.N54</subfield>
      <subfield code="b">B96 1901</subfield>
      <subfield code="i">11/26/85 C</subfield>
    </datafield>
  </record>