
  <record>
    <leader>01197cam a2200301   4500</leader>
    <controlfield tag="001">108</controlfield>
    <controlfield tag="005">20141021232355.0</controlfield>
    <controlfield tag="008">851126s1953    cr            000 0 spa  </controlfield>
    <datafield tag="010" ind1=" " ind2=" ">
      <subfield code="a">   56058769 </subfield>
    </datafield>
    <datafield tag="035" ind1=" " ind2=" ">
      <subfield code="a">(CStRLIN)NYCX85B133323</subfield>
    </datafield>
    <datafield tag="035" ind1=" " ind2=" ">
      <subfield code="a">(NIC)notisAAA0106</subfield>
    </datafield>
    <datafield tag="035" ind1=" " ind2=" ">
      <subfield code="a">(OCoLC)1896461</subfield>
    </datafield>
    <datafield tag="035" ind1=" " ind2=" ">
      <subfield code="a">108</subfield>
    </datafield>
    <datafield tag="040" ind1=" " ind2=" ">
      <subfield code="a">DLC</subfield>
      <subfield code="c">NjR</subfield>
      <subfield code="d">CStRLIN</subfield>
      <subfield code="d">NIC</subfield>
    </datafield>
    <datafield tag="050" ind1="0" ind2=" ">
      <subfield code="a">JX1954</subfield>
      <subfield code="b">.S65</subfield>
    </datafield>
    <datafield tag="100" ind1="1" ind2=" ">
      <subfield code="a">Soto Harrison, Fernando.</subfield>
    </datafield>
    <datafield tag="245" ind1="1" ind2="4">
      <subfield code="a">Los nuevos horizontes del derecho internacional.</subfield>
    </datafield>
    <datafield tag="260" ind1=" " ind2=" ">
      <subfield code="a">San José, Costa Rica,</subfield>
      <subfield code="b">Impr. Atenea,</subfield>
      <subfield code="c">1953.</subfield>
    </datafield>
    <datafield tag="300" ind1=" " ind2=" ">
      <subfield code="a">230 p.</subfield>
      <subfield code="c">26 cm.</subfield>
    </datafield>
    <datafield tag="505" ind1="0" ind2=" ">
      <subfield code="a">Antecedentes históricos.--Origen de las grandes reformas del derecho internacional.--La carta de las Naciones Unidas.--La O.N.U. in acción.--La acción colectiva en el derecho internacional moderno.-Organización de los Estado Americanos.</subfield>
    </datafield>
    <datafield tag="610" ind1="2" ind2="0">
      <subfield code="a">International organization</subfield>
    </datafield>
    <datafield tag="610" ind1="2" ind2="0">
      <subfield code="a">United Nations.</subfield>
    </datafield>
    <datafield tag="610" ind1="2" ind2="0">
      <subfield code="a">Organization of American States.</subfield>
    </datafield>
    <datafield tag="610" ind1="2" ind2="7">
      <subfield code="a">Organization of American States</subfield>
      <subfield code="2">fast</subfield>
      <subfield code="0">(OCoLC)fst00549307</subfield>
    </datafield>
    <datafield tag="610" ind1="2" ind2="7">
      <subfield code="a">United Nations</subfield>
      <subfield code="2">fast</subfield>
      <subfield code="0">(OCoLC)fst00530351</subfield>
    </datafield>
    <datafield tag="905" ind1=" " ind2=" ">
      <subfield code="a">19880603120000.0</subfield>
    </datafield>
    <datafield tag="948" ind1="2" ind2=" ">
      <subfield code="a">20141016</subfield>
      <subfield code="b">m</subfield>
      <subfield code="d">batch</subfield>
      <subfield code="e">lts</subfield>
      <subfield code="x">addfast</subfield>
    </datafield>
    <datafield tag="950" ind1=" " ind2=" ">
      <subfield code="l">OLIN</subfield>
      <subfield code="a">JX1308</subfield>
      <subfield code="b">.S71+</subfield>
      <subfield code="f">BASIC</subfield>
      <subfield code="i">11/26/85 N</subfield>
    </datafield>
  </record>