
  <record>
    <leader>01332cam a2200349 a 4500</leader>
    <controlfield tag="001">111</controlfield>
    <controlfield tag="005">20141021232359.0</controlfield>
    <controlfield tag="008">860116s1966    njuabf   b    001 0 eng d</controlfield>
    <datafield tag="035" ind1=" " ind2=" ">
      <subfield code="a">(CStRLIN)NYCX86B6723</subfield>
    </datafield>
    <datafield tag="035" ind1=" " ind2=" ">
      <subfield code="a">(NIC)notisAAA0109</subfield>
    </datafield>
    <datafield tag="035" ind1=" " ind2=" ">
      <subfield code="a">(OCoLC)999155</subfield>
    </datafield>
    <datafield tag="035" ind1=" " ind2=" ">
      <subfield code="a">111</subfield>
    </datafield>
    <datafield tag="040" ind1=" " ind2=" ">
      <subfield code="a">NIC</subfield>
      <subfield code="c">CBGTU</subfield>
      <subfield code="d">CBGTU</subfield>
      <subfield code="d">NIC</subfield>
    </datafield>
    <datafield tag="041" ind1="1" ind2=" ">
      <subfield code="a">eng</subfield>
      <subfield code="h">freger</subfield>
    </datafield>
    <datafield tag="043" ind1=" " ind2=" ">
      <subfield code="a">e-sp---</subfield>
    </datafield>
    <datafield tag="100" ind1="1" ind2=" ">
      <subfield code="a">Rahlves, Friedrich.</subfield>
    </datafield>
    <datafield tag="240" ind1="1" ind2="0">
      <subfield code="a">Kathedralen und Klöster in Spanien.</subfield>
      <subfield code="l">English</subfield>
    </datafield>
    <datafield tag="245" ind1="1" ind2="0">
      <subfield code="a">Cathedrals and monasteries of Spain /</subfield>
      <subfield code="c">Friedrich Rahlves ; translated[from the French] by James C. Palmes.</subfield>
    </datafield>
    <datafield tag="250" ind1=" " ind2=" ">
      <subfield code="a">1st American ed.</subfield>
    </datafield>
    <datafield tag="260" ind1=" " ind2=" ">
      <subfield code="a">South Brunswick, N.J. :</subfield>
      <subfield code="b">A.S. Barnes,</subfield>
      <subfield code="c">1966.</subfield>
    </datafield>
    <datafield tag="300" ind1=" " ind2=" ">
      <subfield code="a">310 p., [2] folded leaves of plates :</subfield>
      <subfield code="b">ill., genealogical table, map ;</subfield>
      <subfield code="c">23 cm.</subfield>
    </datafield>
    <datafield tag="500" ind1=" " ind2=" ">
      <subfield code="a">The French ed., Cathédrales et monastères d'Espagne, was translated from the original: Kathedralen und Klöster in Spanien.</subfield>
    </datafield>
    <datafield tag="500" ind1=" " ind2=" ">
      <subfield code="a">Includes index.</subfield>
    </datafield>
    <datafield tag="504" ind1=" " ind2=" ">
      <subfield code="a">Bibliography: p. 303-304.</subfield>
    </datafield>
    <datafield tag="650" ind1=" " ind2="0">
      <subfield code="a">Cathedrals</subfield>
      <subfield code="z">Spain.</subfield>
    </datafield>
    <datafield tag="650" ind1=" " ind2="0">
      <subfield code="a">Monasteries</subfield>
      <subfield code="z">Spain</subfield>
    </datafield>
    <datafield tag="650" ind1=" " ind2="7">
      <subfield code="a">Cathedrals</subfield>
      <subfield code="2">fast</subfield>
      <subfield code="0">(OCoLC)fst00849073</subfield>
    </datafield>
    <datafield tag="650" ind1=" " ind2="7">
      <subfield code="a">Monasteries</subfield>
      <subfield code="2">fast</subfield>
      <subfield code="0">(OCoLC)fst01025070</subfield>
    </datafield>
    <datafield tag="651" ind1=" " ind2="7">
      <subfield code="a">Spain</subfield>
      <subfield code="2">fast</subfield>
      <subfield code="0">(OCoLC)fst01204303</subfield>
    </datafield>
    <datafield tag="905" ind1=" " ind2=" ">
      <subfield code="a">19880603120000.0</subfield>
    </datafield>
    <datafield tag="948" ind1="2" ind2=" ">
      <subfield code="a">20141016</subfield>
      <subfield code="b">m</subfield>
      <subfield code="d">batch</subfield>
      <subfield code="e">lts</subfield>
      <subfield code="x">addfast</subfield>
    </datafield>
    <datafield tag="950" ind1=" " ind2=" ">
      <subfield code="l">FINE</subfield>
      <subfield code="a">NA5801</subfield>
      <subfield code="b">.R14 1966</subfield>
      <subfield code="f">BASIC</subfield>
      <subfield code="i">01/16/86 N</subfield>
    </datafield>
  </record>